<record><leader>03141cam a2200445 i 4500</leader><controlfield tag="001">6861383</controlfield><controlfield tag="003">OCoLC</controlfield><controlfield tag="005">20150228080355.0</controlfield><controlfield tag="008">140602t20152015enka     b    001 0 eng  </controlfield><datafield ind1=" " ind2=" " tag="010"><subfield code="a">  2014020919</subfield></datafield><datafield ind1=" " ind2=" " tag="015"><subfield code="a">GBB223736</subfield><subfield code="2">bnb</subfield></datafield><datafield ind1="7" ind2=" " tag="016"><subfield code="a">016044638</subfield><subfield code="2">Uk</subfield></datafield><datafield ind1=" " ind2=" " tag="020"><subfield code="a">9781119970705</subfield><subfield code="q">hardback</subfield></datafield><datafield ind1=" " ind2=" " tag="020"><subfield code="a">1119970709</subfield><subfield code="q">hardback</subfield></datafield><datafield ind1=" " ind2=" " tag="020"><subfield code="z">9781118464519</subfield><subfield code="q">ebk</subfield></datafield><datafield ind1=" " ind2=" " tag="020"><subfield code="z">9781119960515</subfield><subfield code="q">ebk</subfield></datafield><datafield ind1=" " ind2=" " tag="035"><subfield code="a">ocn880960121</subfield></datafield><datafield ind1=" " ind2=" " tag="040"><subfield code="a">DLC</subfield><subfield code="e">rda</subfield><subfield code="b">eng</subfield><subfield code="c">DLC</subfield><subfield code="d">YDX</subfield><subfield code="d">OCLCF</subfield><subfield code="d">YDXCP</subfield><subfield code="d">CDX</subfield><subfield code="d">OCLCO</subfield><subfield code="d">UKMGB</subfield><subfield code="d">AEU</subfield></datafield><datafield ind1=" " ind2=" " tag="042"><subfield code="a">pcc</subfield></datafield><datafield ind1="0" ind2="4" tag="050"><subfield code="a">HF5549.5.P35</subfield><subfield code="b">G73 2015</subfield></datafield><datafield ind1="0" ind2="0" tag="082"><subfield code="a">658.4/013</subfield><subfield code="2">23</subfield></datafield><datafield ind1=" " ind2=" " tag="084"><subfield code="a">BUS001040</subfield><subfield code="2">bisacsh</subfield></datafield><datafield ind1=" " ind2=" " tag="090"><subfield code="a">HF5549.5 .P35 G73 2015</subfield><subfield code="b">AEGMCT</subfield></datafield><datafield ind1="1" ind2=" " tag="100"><subfield code="a">Gray, Dina,</subfield><subfield code="e">author.</subfield></datafield><datafield ind1="1" ind2="0" tag="245"><subfield code="a">Measurement madness :</subfield><subfield code="b">recognizing and avoiding the pitfalls of performance measurement /</subfield><subfield code="c">Dina Gray, Pietro Micheli, Andrey Pavlov.</subfield></datafield><datafield ind1=" " ind2="1" tag="264"><subfield code="a">Chichester, West Sussex, United Kingdom :</subfield><subfield code="b">Wiley,</subfield><subfield code="c">2015.</subfield></datafield><datafield ind1=" " ind2="4" tag="264"><subfield code="c">&#169;2015</subfield></datafield><datafield ind1=" " ind2=" " tag="300"><subfield code="a">xiii, 223 pages :</subfield><subfield code="b">illustrations ;</subfield><subfield code="c">24 cm</subfield></datafield><datafield ind1=" " ind2=" " tag="336"><subfield code="a">text</subfield><subfield code="2">rdacontent</subfield></datafield><datafield ind1=" " ind2=" " tag="337"><subfield code="a">unmediated</subfield><subfield code="2">rdamedia</subfield></datafield><datafield ind1=" " ind2=" " tag="338"><subfield code="a">volume</subfield><subfield code="2">rdacarrier</subfield></datafield><datafield ind1=" " ind2=" " tag="504"><subfield code="a">Includes bibliographical references and index.</subfield></datafield><datafield ind1=" " ind2=" " tag="520"><subfield code="a">"The ultimate guide to performance management and how to avoid the often bizarre unintended consequences of KPIsThe results of well-intended performance measurement are sometimes bizarre and bewildering. World leaders in business performance, the authors of Measurement Madness have amassed a wealth of real-life business stories, producing this timely how-to guide for avoiding the unintended consequences that come from measuring people, processes and organizations.Measurement Madness is a lively and informative take on this topical subject. Peppered with anecdotal evidence, it uses case studies to reveal some of the more outrageous and unexpected outcomes of KPIs, but also to show what performance management success looks like. Management theories are used to underline types of behavior and, most importantly, how they can be anticipated.This book gives you guiding principles for avoiding common pitfalls, such as setting the wrong performance targets and measuring what is easy rather than what is useful. It provides reliable, practical advice demonstrating how to create meaningful performance measurement. Authors are from the world-leading Business Performance team at Cranfield University in the U.K. which has a world-renowned reputation for close partnerships with industry Case studies include U.S., U.K., and international examples of performance management from real business stories Ironically, Measurement Madness might just be the key to saving your sanity for the next round of performance management"--</subfield><subfield code="c">Provided by publisher.</subfield></datafield><datafield ind1=" " ind2=" " tag="596"><subfield code="a">29</subfield></datafield><datafield ind1=" " ind2="0" tag="650"><subfield code="a">Performance</subfield><subfield code="x">Management.</subfield></datafield><datafield ind1=" " ind2="0" tag="650"><subfield code="a">Performance</subfield><subfield code="x">Measurement.</subfield></datafield><datafield ind1="1" ind2=" " tag="700"><subfield code="a">Micheli, Pietro,</subfield><subfield code="d">1978-</subfield><subfield code="e">author.</subfield></datafield><datafield ind1="1" ind2=" " tag="700"><subfield code="a">Pavlov, Andrey,</subfield><subfield code="d">1981-</subfield><subfield code="e">author.</subfield></datafield><datafield ind1=" " ind2=" " tag="949"><subfield code="a">HF5549.5 .P35 G73 2015</subfield><subfield code="h">GMCT-OS-B</subfield><subfield code="i">1007403841</subfield><subfield code="p">60.85</subfield><subfield code="k">AVAIL_SOON</subfield></datafield><datafield ind1=" " ind2=" " tag="926"><subfield code="a">HF5549.5 .P35 G73 2015</subfield><subfield code="w">LC</subfield><subfield code="c">1</subfield><subfield code="i">1007403841</subfield><subfield code="d">3/20/2015</subfield><subfield code="l">ON_SHELF</subfield><subfield code="m">GR_MACEWAN</subfield><subfield code="p">$57.95</subfield><subfield code="r">Y</subfield><subfield code="s">Y</subfield><subfield code="t">BOOK</subfield><subfield code="u">3/11/2015</subfield></datafield></record>